




@article{battaglia2018relational,
  author    = {Peter W. Battaglia and others},
  title     = {Relational inductive biases, deep learning, and graph networks},
  year      = {2018},
  archivePrefix = {arXiv},
  eprint    = {1806.01261},
  primaryClass = {cs.LG},
}

@article{Macaluso:2018tck,
    author = "Macaluso, Sebastian and Shih, David",
    title = "Pulling Out All the Tops with Computer Vision and Deep Learning",
    eprint = "1803.00107",
    archivePrefix = "arXiv",
    primaryClass = "hep-ph",
    doi = "10.1007/JHEP10(2018)121",
    journal = "J. High Energy Phys.",
    volume = "10",
    pages = "121",
    year = "2018"
}


@article{Lin:2018cin,
    author = "Lin, Joshua and Freytsis, Marat and Moult, Ian and Nachman, Benjamin",
    title = "Boosting $H\to b\bar{b}$ with Machine Learning",
    eprint = "1807.10768",
    archivePrefix = "arXiv",
    primaryClass = "hep-ph",
    doi = "10.1007/JHEP10(2018)101",
    journal = "J. High Energy Phys.",
    volume = "10",
    pages = "101",
    year = "2018"
}

@article{Andrews:2018nwy,
    author = "Andrews, M. and Paulini, M. and Gleyzer, S. and Poczos, B.",
    title = "End-to-End Physics Event Classification with {CMS} Open Data: {Applying} Image-Based Deep Learning to Detector Data for the Direct Classification of Collision Events at the {LHC}",
    eprint = "1807.11916",
    archivePrefix = "arXiv",
    primaryClass = "hep-ex",
    doi = "10.1007/s41781-020-00038-8",
    journal = "Comput. Softw. Big Sci.",
    volume = "4",
    pages = "6",
    year = "2020"
}
@article{Behnke:2013xla,
    editor = "Behnke, Ties and Brau, James E. and Foster, Brian and Fuster, Juan and Harrison, Mike and Paterson, James McEwan and Peskin, Michael and Stanitzki, Marcel and Walker, Nicholas and Yamamoto, Hitoshi",
    title = "{The International Linear Collider Technical Design Report - Volume 1: Executive Summary}",
    eprint = "1306.6327",
    archivePrefix = "arXiv",
    primaryClass = "physics.acc-ph",
    reportNumber = "ILC-REPORT-2013-040, ANL-HEP-TR-13-20, BNL-100603-2013-IR, IRFU-13-59, CERN-ATS-2013-037, COCKCROFT-13-10, CLNS-13-2085, DESY-13-062, FERMILAB-TM-2554, IHEP-AC-ILC-2013-001, INFN-13-04-LNF, JAI-2013-001, JINR-E9-2013-35, JLAB-R-2013-01, KEK-REPORT-2013-1, KNU-CHEP-ILC-2013-1, LLNL-TR-635539, SLAC-R-1004, ILC-HIGRADE-REPORT-2013-003",
    month = "6",
    year = "2013"
}

@unpublished{Serviansky:2020qwa,
    author = "Serviansky, Hadar and Segol, Nimrod and Shlomi, Jonathan and Cranmer, Kyle and Gross, Eilam and Maron, Haggai and Lipman, Yaron",
    title = "{Set2Graph}: Learning Graphs From Sets",
    eprint = "2002.08772",
    archivePrefix = "arXiv",
    primaryClass = "cs.LG",
    month = "2",
    year = "2020"
}

@ARTICLE{5734880,
author={W. {Waltenberger}},
journal={IEEE Trans. Nucl. Sci.},
title="{RAVE}--{A} Detector-Independent Toolkit to Reconstruct Vertices",
year={2011},
volume={58},
number={2},
pages={434},
doi={10.1109/TNS.2011.2119492},
ISSN={1558-1578}
}

@techreport{Waltenberger:1166320,
      author        = "Waltenberger, Wolfgang",
      title         = "Adaptive Vertex Reconstruction",
      number        = "CMS-NOTE-2008-033",
      year          = "2008",
      reportNumber  = "CMS-NOTE-2008-033",
      type = "{CMS Note}",
      url           = "https://cds.cern.ch/record/1166320",
}

@article{Fruhwirth:2007hz,
    author = "Waltenberger, W. and Fr{\"{u}}hwirth, R. and Vanlaer, P.",
    title = "Adaptive vertex fitting",
    reportNumber = "CERN-CMS-NOTE-2007-008, CMS-NOTE-2007-008",
    doi = "10.1088/0954-3899/34/12/N01",
    journal = "J. Phys. G",
    volume = "34",
    pages = "N343",
    year = "2007"
}


@Inbook{Wigmans:1990ey,
author="Wigmans, Richard",
editor="Ferbel, Thomas",
title="Calorimetry in High Energy Physics",
bookTitle="Techniques and Concepts of High-Energy Physics VI",
year="1991",
publisher="Springer US",
address="Boston, MA",
pages="325",
isbn="978-1-4684-6006-3",
doi="10.1007/978-1-4684-6006-3_6",
}


@article{fabjan:1982,
author = {Fabjan, C W and Ludlam, T},
title = {Calorimetry in High-Energy Physics},
journal = {Annu. Rev. Nucl. Part. Sci.},
volume = {32},
pages = {335},
year = {1982},
doi = {10.1146/annurev.ns.32.120182.002003},
}

@article{Benedikt:2018csr,
    author = "Abada, A. and others",
    collaboration = "FCC",
    title = "{FCC-hh: The Hadron Collider}: {Future Circular Collider Conceptual Design Report Volume 3}",
    reportNumber = "CERN-ACC-2018-0058",
    doi = "10.1140/epjst/e2019-900087-0",
    journal = "Eur. Phys. J. ST",
    volume = "228",
    pages = "755",
    year = "2019"
}


@article{Fabjan:2003aq,
    author = "Fabjan, C.W. and Gianotti, F.",
    title = "{Calorimetry for particle physics}",
    reportNumber = "CERN-EP-2003-075",
    doi = "10.1103/RevModPhys.75.1243",
    journal = "Rev. Mod. Phys.",
    volume = "75",
    pages = "1243",
    year = "2003"
}

@article{Strandlie:2010zz,
    author = "Strandlie, Are and Fr{\"{u}}hwirth, Rudolf",
    title = "{Track and vertex reconstruction: From classical to adaptive methods}",
    doi = "10.1103/RevModPhys.82.1419",
    journal = "Rev. Mod. Phys.",
    volume = "82",
    pages = "1419",
    year = "2010"
}

@article{Heer:2017kbn,
    author = "Heer, Sebastian",
    editor = "Checchia, Paolo and others",
    collaboration = "ATLAS",
    title = "{The secondary vertex finding algorithm with the ATLAS detector}",
    reportNumber = "ATL-PHYS-PROC-2017-195",
    doi = "10.22323/1.314.0762",
    journal = "Proc. Sci.",
    volume = "\textnormal{EPS-HEP2017}",
    pages = "762",
    year = "2017"
}

@article{Baer:2013cma,
    editor = "Baer, Howard and others",
    title = "{The International Linear Collider Technical Design Report - Volume 2: Physics}",
    eprint = "1306.6352",
    archivePrefix = "arXiv",
    primaryClass = "hep-ph",
    reportNumber = "ILC-REPORT-2013-040, ANL-HEP-TR-13-20, BNL-100603-2013-IR, IRFU-13-59, CERN-ATS-2013-037, COCKCROFT-13-10, CLNS-13-2085, DESY-13-062, FERMILAB-TM-2554, IHEP-AC-ILC-2013-001, INFN-13-04-LNF, JAI-2013-001, JINR-E9-2013-35, JLAB-R-2013-01, KEK-REPORT-2013-1, KNU-CHEP-ILC-2013-1, LLNL-TR-635539, SLAC-R-1004, ILC-HIGRADE-REPORT-2013-003",
    month = "6",
    year = "2013"
}

@article{CEPCStudyGroup:2018ghi,
    author = "Dong, Mingyi and others",
    editor = "Guimarães da Costa, João Barreiro and others",
    collaboration = "CEPC Study Group",
    title = "{CEPC Conceptual Design Report: Volume 2 - Physics \& Detector}",
    eprint = "1811.10545",
    archivePrefix = "arXiv",
    primaryClass = "hep-ex",
    reportNumber = "IHEP-CEPC-DR-2018-02, IHEP-EP-2018-01, IHEP-TH-2018-01",
    month = "11",
    year = "2018"
}

@article{Aaboud:2017aca,
    author = "Aaboud, Morad and others",
    collaboration = "ATLAS",
    title = "{Jet reconstruction and performance using particle flow with the ATLAS Detector}",
    eprint = "1703.10485",
    archivePrefix = "arXiv",
    primaryClass = "hep-ex",
    reportNumber = "CERN-EP-2017-024",
    doi = "10.1140/epjc/s10052-017-5031-2",
    journal = "Eur. Phys. J. C",
    volume = "77",
    pages = "466",
    year = "2017"
}

@inproceedings{Ruan:2014paa,
    author = "Ruan, Manqi and Videau, Henri",
    title = "Arbor, a new approach of the Particle Flow Algorithm",
    booktitle = "{International Conference on Calorimetry for the High Energy Frontier}",
    eprint = "1403.4784",
    archivePrefix = "arXiv",
    primaryClass = "physics.ins-det",
    reportNumber = "AIDA-CONF-2014-002",
    pages = "316",
    year = "2013"
}

@article{Thomson:2009rp,
    author = "Thomson, M.A.",
    title = "Particle Flow Calorimetry and the {PandoraPFA} Algorithm",
    eprint = "0907.3577",
    archivePrefix = "arXiv",
    primaryClass = "physics.ins-det",
    reportNumber = "CU-HEP-09-11",
    doi = "10.1016/j.nima.2009.09.009",
    journal = "Nucl. Instrum. Methods Phys. Res. A",
    volume = "611",
    pages = "25",
    year = "2009"
}

@article{Abada:2019zxq,
    author = "Abada, A. and others",
    collaboration = "FCC",
    title = "{FCC-ee: The Lepton Collider}: {Future Circular Collider Conceptual Design Report Volume 2}",
    reportNumber = "CERN-ACC-2018-0057",
    doi = "10.1140/epjst/e2019-900045-4",
    journal = "Eur. Phys. J. ST",
    volume = "228",
    number = "2",
    pages = "261",
    year = "2019"
}


@article{Buskulic:1994wz,
    author = "Buskulic, D. and others",
    collaboration = "ALEPH",
    title = "{Performance of the ALEPH detector at LEP}",
    reportNumber = "CERN-PPE-94-170, FSU-SCRI-95-70",
    doi = "10.1016/0168-9002(95)00138-7",
    journal = "Nucl. Instrum. Methods Phys. Res. A",
    volume = "360",
    pages = "481",
    year = "1995"
}

@unpublished{DiBello:2020bas,
    author = "Di Bello, Francesco Armando and Ganguly, Sanmay and Gross, Eilam and Kado, Marumi and Pitt, Michael and Shlomi, Jonathan and Santi, Lorenzo",
    title = "Towards a Computer Vision Particle Flow",
    eprint = "2003.08863",
    archivePrefix = "arXiv",
    primaryClass = "hep-ex",
    month = "3",
    year = "2020"
}

@inproceedings{gilmer2017neural,
  author    = {Justin Gilmer and
               Samuel S. Schoenholz and
               Patrick F. Riley and
               Oriol Vinyals and
               George E. Dahl},
  title     = "Neural Message Passing for Quantum Chemistry",
  year      = {2017},
  pages = 	 {1263},
  archivePrefix = {arXiv},
  primaryClass = {cs.LG},
  booktitle = 	 "{Proceedings of the 34th International Conference on Machine Learning}",
  eprint    = {1704.01212},
  volume = 	 {70},
  series = 	 {Proceedings of Machine Learning Research},
  url = 	 {http://proceedings.mlr.press/v70/gilmer17a.html},
}

@article{Carleo:2019ptp,
      author         = "Carleo, Giuseppe and Cirac, Ignacio and Cranmer, Kyle and
                        Daudet, Laurent and Schuld, Maria and Tishby, Naftali and
                        Vogt-Maranto, Leslie and Zdeborov{\'{a}}, Lenka",
      title          = "{Machine learning and the physical sciences}",
      journal        = "Rev. Mod. Phys.",
      volume         = "91",
      year           = "2019",
      pages          = "045002",
      doi            = "10.1103/RevModPhys.91.045002",
      eprint         = "1903.10563",
      archivePrefix  = "arXiv",
      primaryClass   = "physics.comp-ph",
      SLACcitation   = "%%CITATION = ARXIV:1903.10563;%%"
}

@article{Larkoski:2017jix,
    author = "Larkoski, Andrew J. and Moult, Ian and Nachman, Benjamin",
    title = "Jet Substructure at the {Large Hadron Collider}: {A} Review of Recent Advances in Theory and Machine Learning",
    eprint = "1709.04464",
    archivePrefix = "arXiv",
    primaryClass = "hep-ph",
    doi = "10.1016/j.physrep.2019.11.001",
    journal = "Phys. Rept.",
    volume = "841",
    pages = "1",
    year = "2020"
}

@article{Kasieczka:2017nvn,
    author = "Kasieczka, Gregor and Plehn, Tilman and Russell, Michael and Schell, Torben",
    title = "Deep-learning Top Taggers or The End of {QCD}?",
    eprint = "1701.08784",
    archivePrefix = "arXiv",
    primaryClass = "hep-ph",
    reportNumber = "MCNET-17-07",
    doi = "10.1007/JHEP05(2017)006",
    journal = "J. High Energy Phys.",
    volume = "05",
    pages = "006",
    year = "2017"
}


@article{Louppe:2017ipp,
    author = "Louppe, Gilles and Cho, Kyunghyun and Becot, Cyril and Cranmer, Kyle",
    title = "{QCD}-Aware Recursive Neural Networks for Jet Physics",
    eprint = "1702.00748",
    archivePrefix = "arXiv",
    primaryClass = "hep-ph",
    doi = "10.1007/JHEP01(2019)057",
    journal = "J. High Energy Phys.",
    volume = "01",
    pages = "057",
    year = "2019"
}

@article{zhou2018graph,
  title="Graph neural networks: A review of methods and applications",
  author={Zhou, Jie and Cui, Ganqu and Zhang, Zhengyan and Yang, Cheng and Liu, Zhiyuan and Wang, Lifeng and Li, Changcheng and Sun, Maosong},
  archivePrefix={arXiv},
  eprint = {1812.08434},
  primaryClass = "cs.LG",
  year={2018}
}

@inproceedings{pointnet,
  author    = {Charles Ruizhongtai Qi and
               Hao Su and
               Kaichun Mo and
               Leonidas J. Guibas},
  title     = "{PointNet}: Deep Learning on Point Sets for {3D} Classification and Segmentation",
  year      = {2017},
  archivePrefix = {arXiv},
  primaryClass = {cs.CV},
  booktitle = "{2017 IEEE Conference on Computer Vision and Pattern Recognition (CVPR)}",
  eprint    = {1612.00593},
  doi = "10.1109/CVPR.2017.16",
}

@article{Sirunyan:2020lcu,
    collaboration = "CMS",
    author = "CMS Collaboration",
    title = "{Identification of heavy, energetic, hadronically decaying particles using machine-learning techniques}",
    eprint = "2004.08262",
    archivePrefix = "arXiv",
    primaryClass = "hep-ex",
    reportNumber = "FERMILAB-PUB-20-191-CMS, CMS-JME-18-002, CERN-EP-2020-037",
    doi = "10.1088/1748-0221/15/06/P06005",
    journal = "J. Instrum.",
    volume = "15",
    number = "06",
    pages = "P06005",
    year = "2020"
}

@unpublished{wu2019comprehensive,
	title="A Comprehensive Survey on Graph Neural Networks",
	author={Zonghan Wu and Shirui Pan and Fengwen Chen and Guodong Long and Chengqi Zhang and Philip S. Yu},
	year={2020},
	eprint={1901.00596},
	doi = "10.1109/TNNLS.2020.2978386",
	journal = "IEEE Trans. Neural Netw. Learn. Syst.",
	archivePrefix={arXiv},
    pages={1},
	primaryClass={cs.LG}
}

@unpublished{Kieseler:2020wcq,
    author = "Kieseler, Jan",
    title = "{Object condensation: one-stage grid-free multi-object reconstruction in physics detectors, graph and image data}",
    eprint = "2002.03605",
    archivePrefix = "arXiv",
    primaryClass = "physics.data-an",
    year = "2020"
}



@techreport{ATLAS:2017gpy,
    collaboration = "ATLAS",
    author = "{ATLAS Collaboration}",
    title = "Identification of Jets Containing $b$-Hadrons with Recurrent Neural Networks at the {ATLAS} Experiment",
    type = "{ATLAS Note}",
    reportNumber = "ATL-PHYS-PUB-2017-003",
    number = "ATL-PHYS-PUB-2017-003",
    year = "2017"
}

@techreport{ATLAS:2019fxb,
    collaboration = "ATLAS",
    title = "Convolutional Neural Networks with Event Images for Pileup Mitigation with the {ATLAS} Detector",
    number = "ATL-PHYS-PUB-2019-028",
    reportNumber = "ATL-PHYS-PUB-2019-028",
    year = "2019"
}


@inproceedings{li2015gated,
  author    = {Yujia Li and
               Daniel Tarlow and
               Marc Brockschmidt and
               Richard S. Zemel},
  editor    = {Yoshua Bengio and
               Yann LeCun},
  title     = "Gated Graph Sequence Neural Networks",
  booktitle = {4th International Conference on Learning Representations, {ICLR} 2016, Conference Track Proceedings},
    eprint={1511.05493},
    archivePrefix={arXiv},
  year      = {2016},
}


@unpublished{mikuni2020abcnet,
	title="{ABCNet}: {An} attention-based method for particle tagging",
	author={Vinicius Mikuni and Florencia Canelli},
	year={2020},
	eprint={2001.05311},
	archivePrefix={arXiv},
	primaryClass={physics.data-an}
}

@inproceedings{neuraljets,
  author    = "Isaac Henrion and Kyle Cranmer and Joan Bruna and Kyunghyun Cho and Johann Brehmer and Gilles Louppe and Gaspar Rochette",
  title = "{Neural Message Passing for Jet Physics}",
  booktitle = "{Deep Learning for Physical Sciences Workshop at the 31st Conference on Neural Information Processing Systems}",
  year      = "2017",
  url       = "https://dl4physicalsciences.github.io/files/nips_dlps_2017_29.pdf",
  publisher = "\url{https://dl4physicalsciences.github.io}",
  address = "Long Beach, CA",
  location = "Long Beach, CA"
}

@inproceedings{Amrouche:2019wmx,
    author = "Amrouche, Sabrina and others",
    title = "{The Tracking Machine Learning Challenge : Accuracy Phase}",
    booktitle="The NeurIPS '18 Competition",
    eprint = "1904.06778",
    archivePrefix = "arXiv",
    primaryClass = "hep-ex",
    doi = "10.1007/978-3-030-29135-8_9",
    month = "4",
    year = "2020",
pages="231",
isbn="978-3-030-29135-8"
}

@inproceedings{vaswani2017attention,
  title={Attention is all you need},
  author={Vaswani, Ashish and Shazeer, Noam and Parmar, Niki and Uszkoreit, Jakob and Jones, Llion and Gomez, Aidan N and Kaiser, {\L}ukasz and Polosukhin, Illia},
  booktitle="{Advances in Neural Information Processing Systems 30}",
  series = "{NIPS 2017}",
  pages={5998},
  archivePrefix = "arXiv",
  eprint = "1706.03762",
  year={2017}
}


@article{bronstein2017geometric,
  title="{Geometric deep learning: going beyond Euclidean data}",
  author={Bronstein, Michael M. and Bruna, Joan and LeCun, Yann and Szlam, Arthur and Vandergheynst, Pierre},
  journal="{IEEE Signal Process. Mag.}",
  volume={34},
  pages={18},
  year={2017},
  doi= "10.1109/MSP.2017.2693418",
  eprint = "1611.08097",
  archivePrefix = "arXiv",
  primaryClass = "cs.CV",
  publisher={IEEE}
}

@article{DGCNN,
  author    = {Yue Wang and
               Yongbin Sun and
               Ziwei Liu and
               Sanjay E. Sarma and
               Michael M. Bronstein and
               Justin M. Solomon},
  title     = "Dynamic Graph {CNN} for Learning on Point Clouds",
  year      = {2019},
  publisher = {Association for Computing Machinery},
  journal = {ACM Trans. Graph.},
  volume = {38},
  archivePrefix = {arXiv},
  eprint    = {1801.07829},
  doi = {10.1145/3326362},
}

@inproceedings{Battaglia:2016jem,
   author = {Peter W. Battaglia and
               Razvan Pascanu and
               Matthew Lai and
               Danilo Jimenez Rezende and
               Koray Kavukcuoglu},
    title = "{Interaction Networks for Learning about Objects, Relations and Physics}",
    booktitle = "{Advances in Neural Information Processing Systems 29}",
    series = "NIPS 2016",
archivePrefix = "arXiv",
pages = {4502},
   eprint = {1612.00222},
 primaryClass = "cs.AI",
     year = 2016,
}

@article{cms_paper,
	doi = {10.1088/1748-0221/3/08/s08004},
	year = 2008,
	volume = {3},
	pages = {S08004},
	title = {The {CMS} experiment at the {CERN} {LHC}},
	journal = {J. Instrum.},
	collaboration = "{CMS}",
	author = "{CMS Collaboration}"
}

@article{Bertolini:2014bba,
    author = "Bertolini, Daniele and Harris, Philip and Low, Matthew and Tran, Nhan",
    title = "Pileup Per Particle Identification",
    eprint = "1407.6013",
    archivePrefix = "arXiv",
    primaryClass = "hep-ph",
    reportNumber = "FERMILAB-PUB-14-238-PPD, EFI-14-18, MIT-CTP-4558",
    doi = "10.1007/JHEP10(2014)059",
    journal = "J. High Energy Phys.",
    volume = "10",
    pages = "059",
    year = "2014"
}

@article{Sirunyan:2017ulk,
    author = "Sirunyan, A.M. and others",
    collaboration = "CMS",
    title = "{Particle-flow reconstruction and global event description with the CMS detector}",
    eprint = "1706.04965",
    archivePrefix = "arXiv",
    primaryClass = "physics.ins-det",
    reportNumber = "CMS-PRF-14-001, CERN-EP-2017-110",
    doi = "10.1088/1748-0221/12/10/P10003",
    journal = "J. Instrum.",
    volume = "12",
    pages = "P10003",
    year = "2017"
}

@inproceedings{Farrell:2018cjr,
      author         = "Steven Farrell and others",
      title          = "{Novel deep learning methods for track reconstruction}",
      booktitle = "{4th International Workshop Connecting The Dots 2018}",
      year           = "2018",
      eprint         = "1810.06111",
      archivePrefix  = "arXiv",
      primaryClass   = "hep-ex",
      reportNumber   = "FERMILAB-CONF-18-598-CD",
      SLACcitation   = "%%CITATION = ARXIV:1810.06111;%%"
}


@article{Radovic:2018dip,
      author         = "Radovic, Alexander and Williams, Mike and Rousseau, David
                        and Kagan, Michael and Bonacorsi, Daniele and Himmel,
                        Alexander and Aurisano, Adam and Terao, Kazuhiro and
                        Wongjirad, Taritree",
      title          = "{Machine learning at the energy and intensity frontiers
                        of particle physics}",
      journal        = "Nature",
      volume         = "560",
      year           = "2018",
      pages          = "41",
      doi            = "10.1038/s41586-018-0361-2",
      reportNumber   = "FERMILAB-PUB-18-436-ND",
      SLACcitation   = "%%CITATION = NATUA,560,41;%%"
}

@article{Guest:2018yhq,
    author = "Guest, Dan and Cranmer, Kyle and Whiteson, Daniel",
    title = "Deep Learning and its Application to {LHC} Physics",
    eprint = "1806.11484",
    archivePrefix = "arXiv",
    primaryClass = "hep-ex",
    doi = "10.1146/annurev-nucl-101917-021019",
    journal = "Ann. Rev. Nucl. Part. Sci.",
    volume = "68",
    pages = "161",
    year = "2018"
}
@article{Bourilkov:2019yoi,
    author = "Bourilkov, Dimitri",
    title = "Machine and Deep Learning Applications in Particle Physics",
    eprint = "1912.08245",
    archivePrefix = "arXiv",
    primaryClass = "physics.data-an",
    doi = "10.1142/S0217751X19300199",
    journal = "Int. J. Mod. Phys. A",
    volume = "34",
    pages = "1930019",
    year = "2020"
}

@misc{livingreview,
  title="A Living Review of Machine Learning for Particle Physics",
  author="{HEP Community}",
  year={2020},
  url={https://iml-wg.github.io/HEPML-LivingReview/},
  howpublished="\url{https://iml-wg.github.io/HEPML-LivingReview/}",
} 

@inproceedings{Ju:2020xty,
  author    = "Xiangyang Ju and others",
  title = "Graph Neural Networks for Particle Reconstruction in High Energy Physics Detectors",
  booktitle = "{Machine Learning and the Physical Sciences Workshop at the 33rd Annual Conference on Neural Information Processing Systems}",
  year      = "2019",
  url       = "https://ml4physicalsciences.github.io/files/NeurIPS_ML4PS_2019_83.pdf",
    eprint = "2003.11603",
    archivePrefix = "arXiv",
    primaryClass = "physics.ins-det",
    reportNumber = "FERMILAB-CONF-20-163-PPD-QIS-SCD",
}





@article{Martinez:2018fwc,
      author         = "Arjona Mart\'{i}nez, J. and Cerri, Olmo and Pierini,
                        Maurizio and Spiropulu, Maria and Vlimant, Jean-Roch",
      title          = "{Pileup mitigation at the Large Hadron Collider with
                        graph neural networks}",
      journal        = "Eur. Phys. J. Plus",
      volume         = "134",
      year           = "2019",
      pages          = "333",
      doi            = "10.1140/epjp/i2019-12710-3",
      eprint         = "1810.07988",
      archivePrefix  = "arXiv",
      primaryClass   = "hep-ph",
      SLACcitation   = "%%CITATION = ARXIV:1810.07988;%%"
}



@article{Moreno:2019bmu,
      author         = "Moreno, Eric A. and others",
      title          = "{JEDI-net: a jet identification algorithm based on
                        interaction networks}",
      journal        = "Eur. Phys. J. C",
      volume         = "80",
      year           = "2020",
      pages          = "58",
      doi            = "10.1140/epjc/s10052-020-7608-4",
      eprint         = "1908.05318",
      archivePrefix  = "arXiv",
      primaryClass   = "hep-ex",
      reportNumber   = "FERMILAB-PUB-19-360-PPD",
      keywords = {selected},
      SLACcitation   = "%%CITATION = ARXIV:1908.05318;%%"
}

@article{Moreno:2019neq,
      author         = "Moreno, Eric A. and others",
      title          = "{Interaction networks for the identification of boosted
                        $H\to b\overline{b}$ decays}",
      year           = "2020",
      eprint         = "1909.12285",
      archivePrefix  = "arXiv",
      primaryClass   = "hep-ex",
      reportNumber   = "FERMILAB-PUB-19-492-CMS-E",
      journal = {Phys. Rev. D},
      doi = {10.1103/PhysRevD.102.012010},
      pages = {012010},
      volume = {102},
      SLACcitation   = "%%CITATION = ARXIV:1909.12285;%%"
}


@article{Qasim:2019otl,
      author         = "Qasim, Shah Rukh and Kieseler, Jan and Iiyama, Yutaro and
                        Pierini, Maurizio",
      title          = "{Learning representations of irregular particle-detector
                        geometry with distance-weighted graph networks}",
      journal        = "Eur. Phys. J. C",
      volume         = "79",
      year           = "2019",
      pages          = "608",
      doi            = "10.1140/epjc/s10052-019-7113-9",
      eprint         = "1902.07987",
      archivePrefix  = "arXiv",
      primaryClass   = "physics.data-an",
      SLACcitation   = "%%CITATION = ARXIV:1902.07987;%%"
}


@article{Chatrchyan:2014fea,
    author = "Chatrchyan, Serguei and others",
    collaboration = "CMS",
    title = "{Description and performance of track and primary-vertex reconstruction with the CMS tracker}",
    eprint = "1405.6569",
    archivePrefix = "arXiv",
    primaryClass = "physics.ins-det",
    reportNumber = "CMS-TRK-11-001, CERN-PH-EP-2014-070",
    doi = "10.1088/1748-0221/9/10/P10009",
    journal = "J. Instrum.",
    number = "10",
    pages = "P10009",
    year = "2014"
}

@article{combkalman1,
title = "Progressive track recognition with a {Kalman}-like fitting procedure",
journal = "Comput. Phys. Comm.",
volume = "57",
pages = "390",
year = "1989",
issn = "0010-4655",
doi = "10.1016/0010-4655(89)90249-X",
author = "Pierre Billoir",
}

@article{combkalman2,
title = "Simultaneous pattern recognition and track fitting by the {Kalman} filtering method",
journal = "Nucl. Instrum. Methods Phys. Res. A",
volume = "294",
pages = "219",
year = "1990",
issn = "0168-9002",
doi = "10.1016/0168-9002(90)91835-Y",
author = "P. Billoir and S. Qian",
}
a
@article{combkalman3,
title = "A concurrent track evolution algorithm for pattern recognition in the HERA-B main tracking system",
journal = "Nucl. Instrum. Methods Phys. Res. A",
volume = "395",
pages = "169",
year = "1997",
issn = "0168-9002",
doi = "10.1016/S0168-9002(97)00705-5",
author = "Rainer Mankel",
}
@article{kalman,
title = "Application of {Kalman} filtering to track and vertex fitting",
journal = "Nucl. Instrum. Methods Phys. Res. A",
volume = "262",
pages = "444",
year = "1987",
issn = "0168-9002",
doi = "10.1016/0168-9002(87)90887-4", 
author = "{R. Fr\"{u}hwirth}"
}

@article{Aaboud:2017all,
    author = "Aaboud, M. and others",
    collaboration = "ATLAS",
    title = "{Performance of the ATLAS Track Reconstruction Algorithms in Dense Environments in LHC Run 2}",
    eprint = "1704.07983",
    archivePrefix = "arXiv",
    primaryClass = "hep-ex",
    reportNumber = "CERN-EP-2017-045",
    doi = "10.1140/epjc/s10052-017-5225-7",
    journal = "Eur. Phys. J. C",
    volume = "77",
    pages = "673",
    year = "2017"
}

@article{Aggleton:2017ljc,
    author = "Tomalin, I. and others",
    title = "An {FPGA} based track finder for the {L1} trigger of the {CMS} experiment at the High Luminosity {LHC}",
    reportNumber = "CMS-NOTE-2017-009",
    doi = "10.1088/1748-0221/12/12/P12019",
    journal = "J. Instrum.",
    volume = "12",
    pages = "P12019",
    year = "2017"
}

@article{Sirunyan:2017ezt,
    author = "Sirunyan, A.M. and others",
    collaboration = "CMS",
    title = "{Identification of heavy-flavour jets with the CMS detector in pp collisions at 13 TeV}",
    eprint = "1712.07158",
    archivePrefix = "arXiv",
    primaryClass = "physics.ins-det",
    reportNumber = "CMS-BTV-16-002, CERN-EP-2017-326",
    doi = "10.1088/1748-0221/13/05/P05011",
    journal = "J. Instrum.",
    volume = "13",
    pages = "P05011",
    year = "2018"
}

@article{Alves:2017she,
    author = "Albrecht, Johannes and others",
    collaboration = "HEP Software Foundation",
    title = "A Roadmap for {HEP} Software and Computing R\&D for the 2020s",
    eprint = "1712.06982",
    archivePrefix = "arXiv",
    primaryClass = "physics.comp-ph",
    reportNumber = "HSF-CWP-2017-01, HSF-CWP-2017-001, FERMILAB-PUB-17-607-CD",
    doi = "10.1007/s41781-018-0018-8",
    journal = "Comput. Softw. Big Sci.",
    volume = "3",
    pages = "7",
    year = "2019"
}

@misc{octwiki,
author = "{CMS Collaboration}",
collaboration = "CMS",
title = "{CMS} Offline and Computing Public Results",
url = "https://twiki.cern.ch/twiki/bin/view/CMSPublic/CMSOfflineComputingResults",
howpublished = "\url{https://twiki.cern.ch/twiki/bin/view/CMSPublic/CMSOfflineComputingResults}",
year = 2020
}

@unpublished{Iiyama:2020wap,
author = "Yutaro Iiyama and others",
title = "Distance-Weighted Graph Neural Networks on {FPGAs} for Real-Time Particle Reconstruction in High Energy Physics",
note = "{Submitted to \emph{Front. Big Data}}",
eprint = "2008.03601",
archivePrefix = "arXiv",
primaryClass = "hep-ex",
reportNumber = "FERMILAB-PUB-20-405-E-SCD",
year = "2020",
}


@article{bnnpaper,
      author         = "Di Guglielmo, Giuseppe and others",
      title          = "{Compressing deep neural networks on FPGAs to binary and
                        ternary precision with \texttt{hls4ml}}",
      year           = "2020",
      month = "6",
      eprint         = "2003.06308",
      archivePrefix  = "arXiv",
      primaryClass   = "cs.LG",
      note = "Accepted by \textit{Mach. Learn.: Sci. Technol.}",
      doi = "10.1088/2632-2153/aba042",
      SLACcitation   = "%%CITATION = ARXIV:2003.06308;%%"
}

@article{Coelho:2020zfu,
    author = "Coelho, Claudionor N. and Kuusela, Aki and Zhuang, Hao and Aarrestad, Thea and Loncar, Vladimir and Ngadiuba, Jennifer and Pierini, Maurizio and Summers, Sioni",
    title = "Ultra Low-latency, Low-area Inference Accelerators using Heterogeneous Deep Quantization with \textsc{QKeras} and \texttt{hls4ml}",
    eprint = "2006.10159",
    archivePrefix = "arXiv",
    primaryClass = "physics.ins-det",
    month = "6",
    year = "2020"
}

@ARTICLE{fpgadeep,  
author={A. {Shawahna} and S. M. {Sait} and A. {El-Maleh}},  
journal={IEEE Access},   title="{FPGA}-Based Accelerators of Deep Learning Networks for Learning and Classification: {A} Review",   year={2019},  
volume={7}, 
pages={7823},   doi={10.1109/ACCESS.2018.2890150},  ISSN={2169-3536},
archivePrefix = "arXiv",
eprint = "1901.00121",
}

@INPROCEEDINGS{fpgaover,  
author={T. {Wang} and C. {Wang} and X. {Zhou} and H. {Chen}},  
booktitle={2019 IEEE 21st International Conference on High Performance Computing and Communications; IEEE 17th International Conference on Smart City; IEEE 5th International Conference on Data Science and Systems (HPCC/SmartCity/DSS)},   
title="An Overview of {FPGA} Based Deep Learning Accelerators: {Challenges} and Opportunities",   
year={2019},    
pages={1674},
archivePrefix = "arXiv",
eprint = "1901.04988",
}

@article{Summers:2020xiy,
      author         = "Summers, Sioni and others",
      title          = "{Fast inference of boosted decision trees in FPGAs for
                        particle physics}",
                        
	doi = {10.1088/1748-0221/15/05/p05026},
      year           = "2020",
      journal = "J. Instrum.",
      volume = "15",
      pages = "P05026",
      month = "5",
      eprint         = "2002.02534",
      archivePrefix  = "arXiv",
      primaryClass   = "physics.comp-ph",
      SLACcitation   = "%%CITATION = ARXIV:2002.02534;%%"
}

@inbook{greedy,
author = {Fagginger Auer, Bas O. and Bisseling, Rob H.},
title = "A GPU Algorithm for Greedy Graph Matching",
year = {2012},
isbn = {9783642303968},
publisher = {Springer-Verlag},
address = {Berlin, Heidelberg},
booktitle = "Facing the Multicore-Challenge II: Aspects of New Paradigms and Technologies in Parallel Computing",
pages = {108},
numpages = {12}
}

@article{monti2016geometric,
    title="Geometric deep learning on graphs and manifolds using mixture model {CNNs}",
    author={Federico Monti and Davide Boscaini and Jonathan Masci and Emanuele Rodol{\'{a}} and Jan Svoboda and Michael M. Bronstein},
    eprint={1611.08402},
    archivePrefix={arXiv},
    primaryClass={cs.CV},
     booktitle={2017 IEEE Conference on Computer Vision and Pattern Recognition (CVPR)},   
     doi = "10.1109/CVPR.2017.576",
     publisher = "IEEE",
     address = "New York, NY, USA",
     year={2017},  
     pages={5425}}
}


@inproceedings{deepcompression,
  author    = {Song Han and
               Huizi Mao and
               William J. Dally},
  title     = "Deep Compression: Compressing Deep Neural Network with Pruning, Trained
               Quantization and {Huffman} Coding",
 booktitle = "{4th International Conference on Learning Representations, {ICLR} 2016, Conference Track Proceedings}",
  year      = {2016},
  archivePrefix = {arXiv},
  eprint    = {1510.00149},
  primaryClass = {cs.CV},
}

@inproceedings{braindamage,
title = "Optimal Brain Damage",
author = {LeCun, Yann and John S. Denker and Sara A. Solla},
booktitle = {Advances in Neural Information Processing Systems 2},
editor = {D. S. Touretzky},
pages = {598},
year = {1990},
publisher = {Morgan-Kaufmann},
url = {http://papers.nips.cc/paper/250-optimal-brain-damage.pdf}
}

@inproceedings{learningeff,
  author    = {Song Han and
               Jeff Pool and
               John Tran and
               William J. Dally},
  title     = "{Learning both Weights and Connections for Efficient Neural Networks}",
  booktitle = "{NeurIPS}",
  year      = {2015},
  archivePrefix = {arXiv},
  primaryClass = {cs.NE},
  eprint    = {1506.02626},
  timestamp = {Wed, 07 Jun 2017 14:40:54 +0200},
  biburl    = {https://dblp.org/rec/bib/journals/corr/HanPTD15},
  bibsource = {dblp computer science bibliography, https://dblp.org}
}

@article{squeezenet,
  author    = {Forrest N. Iandola and
               Matthew W. Moskewicz and
               Khalid Ashraf and
               Song Han and
               William J. Dally and
               Kurt Keutzer},
  title     = "{SqueezeNet}: {AlexNet}-level accuracy with $50\times$ fewer parameters and $<1$~{MB}
               model size",
  year      = {2016},
  archivePrefix = {arXiv},
  eprint    = {1602.07360},
  primaryClass = {cs.CV},
}

@article{mobilenets,
  author    = {Andrew G. Howard and
               Menglong Zhu and
               Bo Chen and
               Dmitry Kalenichenko and
               Weijun Wang and
               Tobias Weyand and
               Marco Andreetto and
               Hartwig Adam},
  title     = "{MobileNets}: Efficient Convolutional Neural Networks for Mobile Vision
               Applications",
  archivePrefix = {arXiv},
  eprint    = {1704.04861},
  primaryClass = {cs.CV},
}

@inproceedings{PVCNN,
title = "Point-Voxel {CNN} for Efficient {3D} Deep Learning",
author = {Liu, Zhijian and Tang, Haotian and Lin, Yujun and Han, Song},
booktitle = {Advances in Neural Information Processing Systems 32},
editor = {H. Wallach and H. Larochelle and A. Beygelzimer and F. d' Alch\'{e}-Buc and E. Fox and R. Garnett},
pages = {965},
year = {2019},
publisher = {Curran Associates, Inc.},
url = {http://papers.nips.cc/paper/8382-point-voxel-cnn-for-efficient-3d-deep-learning.pdf}
}

@inproceedings{l0reg,
   author = {{Louizos}, C. and {Welling}, M. and {Kingma}, D.~P.},
    title = "{Learning Sparse Neural Networks through $L_0$ Regularization}",
archivePrefix = "arXiv",
   eprint = {1712.01312},
 primaryClass = "stat.ML",
 keywords = {Statistics - Machine Learning, Computer Science - Learning},
     year = 2018,
     booktitle = "{ICLR}",
   adsurl = {http://adsabs.harvard.edu/abs/2017arXiv171201312L},
  adsnote = {Provided by the SAO/NASA Astrophysics Data System}
}

@inproceedings{energyaware,
  author    = {Tien{-}Ju Yang and
               Yu{-}Hsin Chen and
               Vivienne Sze},
  title     = "{Designing Energy-Efficient Convolutional Neural Networks using Energy-Aware
               Pruning}",
	booktitle = "{CVPR}",
  year      = {2017},
  archivePrefix = {arXiv},
  eprint    = {1611.05128},
  primaryClass = {cs.CV},
  timestamp = {Mon, 13 Aug 2018 16:46:20 +0200},
  biburl    = {https://dblp.org/rec/journals/corr/YangCS16a.bib},
  bibsource = {dblp computer science bibliography, https://dblp.org}
}

@inproceedings{FINN,
author = {Umuroglu, Yaman and Fraser, Nicholas J. and Gambardella, Giulio and Blott, Michaela and Leong, Philip and Jahre, Magnus and Vissers, Kees},
title = "{FINN}: {A} Framework for Fast, Scalable Binarized Neural Network Inference",
year = {2017},
isbn = {9781450343541},
publisher = {ACM},
address = {New York, NY, USA},
doi = {10.1145/3020078.3021744},
booktitle = "{Proceedings of the 2017 ACM/SIGDA International Symposium on Field-Programmable Gate Arrays}",
pages = {65},
numpages = {10},
location = {Monterey, CA, USA},
series = {FPGA '17},
eprint="1612.07119",
archivePrefix = "arXiv"
}




@article{Qu:2019gqs,
    author = "Qu, Huilin and Gouskos, Loukas",
    title = "{ParticleNet}: {Jet} Tagging via Particle Clouds",
    eprint = "1902.08570",
    archivePrefix = "arXiv",
    primaryClass = "hep-ph",
    doi = "10.1103/PhysRevD.101.056019",
    journal = "Phys. Rev. D",
    volume = "101",
    pages = "056019",
    year = "2020"
}

@article{Bernreuther:2020vhm,
    author = "Bernreuther, Elias and Finke, Thorben and Kahlhoefer, Felix and Krämer, Michael and Mück, Alexander",
    title = "{Casting a graph net to catch dark showers}",
    eprint = "2006.08639",
    archivePrefix = "arXiv",
    primaryClass = "hep-ph",
    reportNumber = "TTK-20-17, P3H-20-025",
    month = "6",
    year = "2020"
}

@article{Duarte:2019fta,
      author         = {Duarte, Javier and others},
      title          = "{FPGA}-accelerated machine learning inference as a service
                        for particle physics computing",
      journal        = "Comput. Softw. Big Sci.",
      volume         = "3",
      year           = "2019",
      pages          = "13",
      doi            = "10.1007/s41781-019-0027-2",
      eprint         = "1904.08986",
      archivePrefix  = "arXiv",
      primaryClass   = "physics.data-an",
      reportNumber   = "FERMILAB-PUB-19-170-CD-CMS-E-ND",
      SLACcitation   = "%%CITATION = ARXIV:1904.08986;%%"
}

@article{Duarte:2018ite,
      author         = {Duarte, Javier and others},
      title          = "{Fast inference of deep neural networks in FPGAs for
                        particle physics}",
      journal        = "J. Instrum.",
      volume         = "13",
      year           = "2018",
      pages          = "P07027",
      doi            = "10.1088/1748-0221/13/07/P07027",
      eprint         = "1804.06913",
      archivePrefix  = "arXiv",
      primaryClass   = "physics.ins-det",
      reportNumber   = "FERMILAB-PUB-18-089-E",
      SLACcitation   = "%%CITATION = ARXIV:1804.06913;%%"
}

@article{Gray:2020mcm,
    author = "Gray, Lindsey and Klijnsma, Thomas and Ghosh, Shamik",
    title = "A Dynamic Reduction Network for Point Clouds",
    eprint = "2003.08013",
    archivePrefix = "arXiv",
    primaryClass = "cs.CV",
    reportNumber = "FERMILAB-PUB-20-164-PPD-SCD",
        year = "2020"
}


@article{Shlomi:2020gdn,
    author = "Shlomi, Jonathan and Battaglia, Peter and Vlimant, Jean-Roch",
    title = "Graph Neural Networks in Particle Physics",
    eprint = "2007.13681",
    archivePrefix = "arXiv",
    primaryClass = "hep-ex",
    month = "7",
    year = "2020",
    note = "Submitted to \emph{Mach. Learn.: Sci. Tech.}",
}

@inproceedings{gat,
    title="Graph Attention Networks",
    author={Petar Veli\v{c}kovi\`{c} and Guillem Cucurull and Arantxa Casanova and Adriana Romero and Pietro Li\`{o} and Yoshua Bengio},
    year={2018},
    eprint={1710.10903},
    archivePrefix={arXiv},
    booktitle="{6th International Conference on Learning Representations}",
    primaryClass={stat.ML},
    url={https://openreview.net/forum?id=rJXMpikCZ},
}

@techreport{ATLAS:2017dfg,
    collaboration = "ATLAS",
    title = "Quark versus Gluon Jet Tagging Using Jet Images with the {ATLAS} Detector",
    type = "{ATLAS Note}",
    reportNumber = "ATL-PHYS-PUB-2017-017",
    number = "ATL-PHYS-PUB-2017-017",
    year = "2017"
}

@inproceedings{deepsets,
title = {Deep Sets},
author = {Zaheer, Manzil and Kottur, Satwik and Ravanbakhsh, Siamak and Poczos, Barnabas and Salakhutdinov, Russ R and Smola, Alexander J},
booktitle = "{Advances in Neural Information Processing Systems 30}",
editor = {I. Guyon and U. V. Luxburg and S. Bengio and H. Wallach and R. Fergus and S. Vishwanathan and R. Garnett},
pages = {3391},
year = {2017},
  archivePrefix = {arXiv},
  eprint    = {1703.06114},
  primaryClass = "cs.LG",
url = {http://papers.nips.cc/paper/6931-deep-sets.pdf}
}

@article{Komiske:2018cqr,
    author = "Komiske, Patrick T. and Metodiev, Eric M. and Thaler, Jesse",
    title = "{Energy Flow Networks}: {Deep Sets} for Particle Jets",
    eprint = "1810.05165",
    archivePrefix = "arXiv",
    primaryClass = "hep-ph",
    reportNumber = "MIT-CTP 5064",
    doi = "10.1007/JHEP01(2019)121",
    journal = "J. High Energy Phys.",
    volume = "01",
    pages = "121",
    year = "2019"
}

@article{graphsfpgas,
  author    = {Maciej Besta and
               Dimitri Stanojevic and
               Johannes de Fine Licht and
               Tal Ben{-}Nun and
               Torsten Hoefler},
  title     = "Graph Processing on {FPGAs}: {Taxonomy}, Survey, Challenges",
    year      = {2019},
    archivePrefix = {arXiv},
  eprint    = {1903.06697},
  primaryClass = "cs.DC"
}

@inproceedings{PyTorchGeometric,
  title={Fast Graph Representation Learning with {PyTorch Geometric}},
  author={Fey, Matthias and Lenssen, Jan E.},
  booktitle={ICLR Workshop on Representation Learning on Graphs and Manifolds},
  archivePrefix = {arXiv},
  eprint    = {1903.02428},
  primaryClass = "cs.LG",
  url = "https://pytorch-geometric.readthedocs.io/",
  year={2019},
}

@misc{graph_nets,
author = "DeepMind",
title = "graph\_nets",
url = "https://github.com/deepmind/graph_nets",
howpublished = "\url{https://github.com/deepmind/graph_nets}",
year = 2019
}

@article{attentionsurvey,
  author    = {Sneha Chaudhari and
               Gungor Polatkan and
               Rohan Ramanath and
               Varun Mithal},
  title     = {An Attentive Survey of Attention Models},
    year      = {2019},
  archivePrefix = {arXiv},
  eprint    = {1904.02874},
}

@article{wang2019dgl,
    title="{Deep Graph Library}: {Towards} Efficient and Scalable Deep Learning on Graphs",
  archivePrefix = {arXiv},
  eprint    = {1909.01315},
  primaryClass = "cs.LG",
    author={Wang, Minjie and others},
    journal={ICLR Workshop on Representation Learning on Graphs and Manifolds},
    url = "https://www.dgl.ai/",
    year={2019}
}

@inproceedings{zagoruyko2015learning,
    title={Learning to Compare Image Patches via Convolutional Neural Networks},
    author={Sergey Zagoruyko and Nikos Komodakis},
    year={2015},
    eprint={1504.03641},
    archivePrefix={arXiv},
    primaryClass={cs.CV},
    booktitle={2015 IEEE Conference on Computer Vision and Pattern Recognition (CVPR)},  
    publisher = "IEEE",
    doi = "10.1109/CVPR.2015.7299064",
    pages={4353}
    }
    
@inproceedings{morris2018weisfeiler,
    title={Weisfeiler and Leman Go Neural: Higher-order Graph Neural Networks},
    author={Christopher Morris and Martin Ritzert and Matthias Fey and William L. Hamilton and Jan Eric Lenssen and Gaurav Rattan and Martin Grohe},
    year={2019},
    eprint={1810.02244},
    archivePrefix={arXiv},
    primaryClass={cs.LG},
    booktitle = "33rd AAAI Conference on Artificial Intelligence (AAAI 2019)"
}

@inproceedings{NIPS2005_2795,
title = {Distance Metric Learning for Large Margin Nearest Neighbor Classification},
author = {Weinberger, Kilian Q and John Blitzer and Lawrence K. Saul},
booktitle = {Advances in Neural Information Processing Systems 18},
editor = {Y. Weiss and B. Sch\"{o}lkopf and J. C. Platt},
pages = {1473},
year = {2006},
publisher = {MIT Press},
url = {http://papers.nips.cc/paper/2795-distance-metric-learning-for-large-margin-nearest-neighbor-classification.pdf}
}

@inproceedings{schroff2015facenet,
    title={{FaceNet}: A Unified Embedding for Face Recognition and Clustering},
    author={Florian Schroff and Dmitry Kalenichenko and James Philbin},
    year={2015},
    eprint={1503.03832},
    archivePrefix={arXiv},
    primaryClass={cs.CV},
    DOI={10.1109/cvpr.2015.7298682},
   booktitle={2015 IEEE Conference on Computer Vision and Pattern Recognition (CVPR)}
}


@unpublished{Krupa:2020bwg,
        author = "Krupa, Jeffrey and others",
        title = "{GPU} coprocessors as a service for deep learning inference in high energy physics",
        eprint = "2007.10359",
        archivePrefix = "arXiv",
        primaryClass = "physics.comp-ph",
        reportNumber = "FERMILAB-PUB-20-338-E-SCD",
        month = "7",
        note = "Submitted to \emph{Mach. Learn.: Sci. Technol.}",
        year = "2020",
    }
    
@ARTICLE{OpenCL,
  author={J. E. {Stone} and D. {Gohara} and G. {Shi}},
  journal={Comput. Sci. Eng.}, 
  title={{OpenCL}: A Parallel Programming Standard for Heterogeneous Computing Systems}, 
  year={2010},
  volume={12},
  pages={66},
  publisher="IEEE",
  doi="10.1109/MCSE.2010.69"
  }
  

@article{ATLASL1T,
    author = "Aad, Georges and others",
    collaboration = "ATLAS",
    title = "{Operation of the ATLAS trigger system in Run 2}",
    eprint = "2007.12539",
    archivePrefix = "arXiv",
    primaryClass = "physics.ins-det",
    reportNumber = "CERN-EP-2020-109",
    month = "7",
    year = "2020"
}

@techreport{ATLASP2L1T,
      title         = "{Technical Design Report for the Phase-II Upgrade of the
                       ATLAS TDAQ System}",
      collaboration = "ATLAS",
      number        = "CERN-LHCC-2017-020. ATLAS-TDR-029",
      year = "2017",
      reportNumber  = "CERN-LHCC-2017-020",
      url           = "https://cds.cern.ch/record/2285584",
      type = "ATLAS Technical Design Report"
}

@article{CMSL1T,
    author = "Sirunyan, Albert M and others",
    collaboration = "CMS",
    title = "{Performance of the CMS Level-1 trigger in proton-proton collisions at $\sqrt{s} =$ 13 TeV}",
    eprint = "2006.10165",
    archivePrefix = "arXiv",
    primaryClass = "hep-ex",
    reportNumber = "CMS-TRG-17-001, CERN-EP-2020-065",
    month = "6",
    year = "2020"
}

@techreport{CMSP2L1T,
      collaboration = "CMS",
      title         = "The {Phase-2} upgrade of the {CMS} {Level-1} trigger",
      number        = "CERN-LHCC-2020-004. CMS-TDR-021",
      year          = "2020",
      reportNumber  = "CERN-LHCC-2020-004",
      type = "CMS Technical Design Report",
      url           = "https://cds.cern.ch/record/2714892",
}


@unpublished{relu,
  author = {Agarap, Abien Fred},
  title = "Deep Learning using Rectified Linear Units ({ReLU})",
  eprint = {1803.08375},
  archivePrefix = "arXiv",
  year = {2018}
}

@misc{vitis20192,
title = "Vivado Design Suite User
Guide: High Level Synthesis",
author = "{Xilinx, Inc.}",
year = 2020,
url = "https://www.xilinx.com/support/documentation/sw_manuals/xilinx2019_2/ug902-vivado-high-level-synthesis.pdf"
}


@inproceedings{vivadohls,
  title={Xilinx Vivado High Level Synthesis: Case studies},
  author={D. O'Loughlin and A. Coffey and F. Callaly and D. Lyons and F. Morgan},
  booktitle={Irish Signals \& Systems Conference 2014 and 2014 China-Ireland International Conference on Information and Communications Technologies (ISSC 2014/CIICT 2014). 25th IET Year},
  pages={352},
  year={2014},
  doi="10.1049/cp.2014.0713"
}

@article{DiGuglielmo:2020eqx,
    author = "Di Guglielmo, Giuseppe and Duarte, Javier M. and Harris, Philip and Hoang, Duc and Jindariani, Sergo and Kreinar, Edward and others",
    title = "Compressing deep neural networks on {FPGAs} to binary and ternary precision with {\texttt{hls4ml}}",
    eprint = "2003.06308",
    archivePrefix = "arXiv",
    primaryClass = "cs.LG",
    reportNumber = "FERMILAB-PUB-20-167-PPD-SCD",
    month = "3",
    year = "2020",
    journal = "Mach. Learn.: Sci. Technol.",
    page = "In Press",
    doi = "10.1088/2632-2153/aba042",
    note = "In Press",
}